<?xml version="1.0" encoding="UTF-8" ?><marc:collection xmlns:marc="http://www.loc.gov/MARC21/slim" xmlns:xsi="http://www.w3.org/2001/XMLSchema-instance" xsi:schemaLocation="http://www.loc.gov/MARC21/slim http://www.loc.gov/standards/marcxml/schema/MARC21slim.xsd">
<marc:record><marc:leader>02601cam a2200457Ii 4500</marc:leader>
<marc:controlfield tag="001">b12739340</marc:controlfield>
<marc:controlfield tag="003">UaCaAUL</marc:controlfield><marc:controlfield tag="005">20161219072841.0</marc:controlfield><marc:controlfield tag="008">940830s1950    ua acf   b    001 0 ara d</marc:controlfield><marc:datafield tag="035" ind1=" " ind2=" "><marc:subfield code="a">(OCoLC)43516746</marc:subfield></marc:datafield><marc:datafield tag="040" ind1=" " ind2=" "><marc:subfield code="a">EQO</marc:subfield><marc:subfield code="b">eng</marc:subfield><marc:subfield code="e">rda</marc:subfield><marc:subfield code="c">EQO</marc:subfield><marc:subfield code="d">OCLCQ</marc:subfield><marc:subfield code="d">NYP</marc:subfield><marc:subfield code="d">OCLCF</marc:subfield><marc:subfield code="d">OCLCA</marc:subfield><marc:subfield code="d">OCLCQ</marc:subfield><marc:subfield code="d">OCLCO</marc:subfield><marc:subfield code="d">MEAUC</marc:subfield></marc:datafield><marc:datafield tag="043" ind1=" " ind2=" "><marc:subfield code="a">f-ua---</marc:subfield></marc:datafield><marc:datafield tag="049" ind1=" " ind2=" "><marc:subfield code="a">MAIN</marc:subfield></marc:datafield><marc:datafield tag="050" ind1=" " ind2="4"><marc:subfield code="a">HD9087.E4</marc:subfield><marc:subfield code="b">S5x 1950</marc:subfield></marc:datafield><marc:datafield tag="066" ind1=" " ind2=" "><marc:subfield code="c">(3</marc:subfield></marc:datafield><marc:datafield tag="090" ind1=" " ind2=" "><marc:subfield code="a">HD9087.E4</marc:subfield><marc:subfield code="b">S5x 1950</marc:subfield></marc:datafield><marc:datafield tag="100" ind1="1" ind2=" "><marc:subfield code="6">880-01</marc:subfield><marc:subfield code="a">Ṣidqī, Ḥasan.</marc:subfield></marc:datafield><marc:datafield tag="245" ind1="1" ind2="3"><marc:subfield code="6">880-02</marc:subfield><marc:subfield code="a">al-Quṭn al-Miṣrī :</marc:subfield><marc:subfield code="b">zirāʻatuhu wa-tijāratuhu wa-ṣināʻatuhu /</marc:subfield><marc:subfield code="c">taʼlīf Ḥasan Ṣidqī bakālūriyūs fī al-ʻulūm al-zirāʻīyah min Jāmiʻat Fuʼād al-Awwal, mufattish bi-Maṣlaḥat al-Quṭn, khabīr rasmī bi-lajnat al-Tḥkīm al-Ibtidāʼīyah bi-Būrṣat Mīnā al-Baṣal, ʻuḍw lajnat manʻ khalṭ aṣnāf al-quṭn bi-Muḥāfaẓat al-Iskandarīyah.</marc:subfield></marc:datafield><marc:datafield tag="250" ind1=" " ind2=" "><marc:subfield code="6">880-03</marc:subfield><marc:subfield code="a">al-Ṭabʻah al-ūlá.</marc:subfield></marc:datafield><marc:datafield tag="264" ind1=" " ind2="1"><marc:subfield code="6">880-04</marc:subfield><marc:subfield code="a">al-Qāhirah :</marc:subfield><marc:subfield code="b">al-Nāshir Maktabat al-Nahḍah al-Miṣrīyah,</marc:subfield><marc:subfield code="c">1950.</marc:subfield></marc:datafield><marc:datafield tag="300" ind1=" " ind2=" "><marc:subfield code="a">15, 655 pages, 47 leaves of plates, 4 unnumbered leaves of plates ;</marc:subfield><marc:subfield code="c">24 cm.</marc:subfield></marc:datafield><marc:datafield tag="336" ind1=" " ind2=" "><marc:subfield code="a">text</marc:subfield><marc:subfield code="b">txt</marc:subfield><marc:subfield code="2">rdacontent.</marc:subfield></marc:datafield><marc:datafield tag="337" ind1=" " ind2=" "><marc:subfield code="a">unmediated</marc:subfield><marc:subfield code="b">n</marc:subfield><marc:subfield code="2">rdamedia.</marc:subfield></marc:datafield><marc:datafield tag="338" ind1=" " ind2=" "><marc:subfield code="a">volume</marc:subfield><marc:subfield code="b">nc</marc:subfield><marc:subfield code="2">rdacarrier.</marc:subfield></marc:datafield><marc:datafield tag="500" ind1=" " ind2=" "><marc:subfield code="6">880-05</marc:subfield><marc:subfield code="a">Ḥuqūq al-nashr wa-al-tarjamah maḥfūẓah lil-muʼallif.</marc:subfield></marc:datafield><marc:datafield tag="500" ind1=" " ind2=" "><marc:subfield code="a">Includes errata pages.</marc:subfield></marc:datafield><marc:datafield tag="504" ind1=" " ind2=" "><marc:subfield code="a">Includes bibliographical references (pages [640]-642) and index.</marc:subfield></marc:datafield><marc:datafield tag="590" ind1=" " ind2=" "><marc:subfield code="a">AUC's main library copy has author's dated inscription to Aḥmad Bik Fatḥī Ṣādiq.</marc:subfield></marc:datafield><marc:datafield tag="650" ind1=" " ind2="0"><marc:subfield code="a">Cotton</marc:subfield><marc:subfield code="z">Egypt.</marc:subfield></marc:datafield><marc:datafield tag="650" ind1=" " ind2="0"><marc:subfield code="a">Cotton growing</marc:subfield><marc:subfield code="z">Egypt.</marc:subfield></marc:datafield><marc:datafield tag="650" ind1=" " ind2="0"><marc:subfield code="a">Cotton manufacture</marc:subfield><marc:subfield code="z">Egypt.</marc:subfield></marc:datafield><marc:datafield tag="650" ind1=" " ind2="0"><marc:subfield code="a">Cotton trade</marc:subfield><marc:subfield code="z">Egypt.</marc:subfield></marc:datafield><marc:datafield tag="880" ind1="1" ind2=" "><marc:subfield code="6">100-01/(3/r</marc:subfield><marc:subfield code="a">صدقي، حسن..</marc:subfield></marc:datafield><marc:datafield tag="880" ind1="1" ind2="2"><marc:subfield code="6">245-02/(3/r</marc:subfield><marc:subfield code="a">القطن المصري :‪</marc:subfield><marc:subfield code="b">زراعته وتجارته وصناعته /‪</marc:subfield><marc:subfield code="c">تأليف حسن صدقي بكالوريوس في العلوم الزراعية من جامعة فؤاد الأول، مفتش بمصلحة القطن، خبير رسمي بلجنة التحكيم الإبتدائية ببورصة مينا البصل، عضو لجنة منع خلط أصناف القطن بمحافظة الإسكندرية..</marc:subfield></marc:datafield><marc:datafield tag="880" ind1=" " ind2=" "><marc:subfield code="6">250-03/(3/r</marc:subfield><marc:subfield code="a">الطبعة الأولى..</marc:subfield></marc:datafield><marc:datafield tag="880" ind1=" " ind2="1"><marc:subfield code="6">264-04/(3/r</marc:subfield><marc:subfield code="a">القاهرة :‪</marc:subfield><marc:subfield code="b">الناشر مكتبة النهضة المصرية،‪</marc:subfield><marc:subfield code="c">1950.</marc:subfield></marc:datafield><marc:datafield tag="880" ind1=" " ind2=" "><marc:subfield code="6">500-05/(3/r</marc:subfield><marc:subfield code="a">حقوق النشر والترجمة محفوظة للمؤلف..</marc:subfield></marc:datafield><marc:datafield tag="907" ind1=" " ind2=" "><marc:subfield code="a">.b12739340</marc:subfield><marc:subfield code="b">multi</marc:subfield></marc:datafield><marc:datafield tag="902" ind1=" " ind2=" "><marc:subfield code="a">180715</marc:subfield></marc:datafield><marc:datafield tag="998" ind1=" " ind2=" "><marc:subfield code="b">1</marc:subfield><marc:subfield code="c">011203</marc:subfield><marc:subfield code="d">m</marc:subfield><marc:subfield code="e">a</marc:subfield><marc:subfield code="f">-</marc:subfield><marc:subfield code="g">3</marc:subfield><marc:subfield code="k">TA</marc:subfield></marc:datafield><marc:datafield tag="945" ind1=" " ind2=" "><marc:subfield code="l">main</marc:subfield></marc:datafield></marc:record>
</marc:collection>
